<record><leader>00000cas a22000007a 4500</leader><controlfield tag="001">9727803</controlfield><controlfield tag="008">830722d18091813mduwr ne      0    0eng  </controlfield><datafield ind1=" " ind2=" " tag="010"><subfield code="a">sn 83016344 </subfield></datafield><datafield ind1=" " ind2=" " tag="040"><subfield code="a">DLC</subfield><subfield code="b">eng</subfield><subfield code="c">DLC</subfield><subfield code="d">NPX</subfield><subfield code="d">PPM</subfield><subfield code="d">MFN</subfield><subfield code="d">DLC</subfield><subfield code="d">HLS</subfield><subfield code="d">OCLCQ</subfield><subfield code="d">NYG</subfield><subfield code="d">OCLCO</subfield><subfield code="d">OCLCQ</subfield><subfield code="d">OCLCF</subfield></datafield><datafield ind1="1" ind2=" " tag="029"><subfield code="a">AU@</subfield><subfield code="b">000026220997</subfield></datafield><datafield ind1=" " ind2=" " tag="042"><subfield code="a">msc</subfield></datafield><datafield ind1=" " ind2=" " tag="043"><subfield code="a">n-us-md</subfield></datafield><datafield ind1="0" ind2="0" tag="050"><subfield code="a">Newspaper</subfield></datafield><datafield ind1="0" ind2="4" tag="245"><subfield code="a">The Hornet, or, Republican advocate.</subfield></datafield><datafield ind1="3" ind2="0" tag="246"><subfield code="a">Republican advocate</subfield></datafield><datafield ind1=" " ind2=" " tag="260"><subfield code="a">Frederick-Town, Md. :</subfield><subfield code="b">M. Bartgis</subfield></datafield><datafield ind1=" " ind2=" " tag="300"><subfield code="a">v.</subfield></datafield><datafield ind1=" " ind2=" " tag="310"><subfield code="a">Weekly</subfield></datafield><datafield ind1="1" ind2=" " tag="362"><subfield code="a">Began in 1809; ceased in 1813.</subfield></datafield><datafield ind1=" " ind2=" " tag="588"><subfield code="a">Description based on: Vol. 1, no. 28 (Aug. 9, 1809).</subfield></datafield><datafield ind1=" " ind2="0" tag="651"><subfield code="a">Frederick (Md.)</subfield><subfield code="v">Newspapers.</subfield></datafield><datafield ind1=" " ind2="0" tag="651"><subfield code="a">Frederick County (Md.)</subfield><subfield code="v">Newspapers.</subfield></datafield><datafield ind1=" " ind2="7" tag="655"><subfield code="a">Newspapers.</subfield><subfield code="2">fast</subfield><subfield code="0">(OCoLC)fst01423814</subfield></datafield><datafield ind1=" " ind2="7" tag="651"><subfield code="a">Maryland</subfield><subfield code="z">Frederick.</subfield><subfield code="2">fast</subfield><subfield code="0">(OCoLC)fst01206793</subfield></datafield><datafield ind1=" " ind2="7" tag="651"><subfield code="a">Maryland</subfield><subfield code="z">Frederick County.</subfield><subfield code="2">fast</subfield><subfield code="0">(OCoLC)fst01205637</subfield></datafield><datafield ind1=" " ind2=" " tag="752"><subfield code="a">United States</subfield><subfield code="b">Maryland</subfield><subfield code="c">Frederick</subfield><subfield code="d">Frederick.</subfield></datafield><datafield ind1="0" ind2="0" tag="780"><subfield code="t">Hornet (Frederick, Md. : 1809)</subfield><subfield code="w">(DLC)sn 85025334</subfield><subfield code="w">(OCoLC)11668092</subfield></datafield><datafield ind1="0" ind2="0" tag="785"><subfield code="t">Hornet (Frederick, Md. : 1813)</subfield><subfield code="w">(DLC)sn 83016376</subfield><subfield code="w">(OCoLC)9790202</subfield></datafield></record>